<?xml version="1.0" encoding="UTF-8"?><collection xmlns="http://www.loc.gov/MARC21/slim"><record><leader>00272nam--2200109-i-4500</leader><controlfield tag="001">000048091</controlfield><controlfield tag="002">20161230</controlfield><controlfield tag="005">20161230201046</controlfield><controlfield tag="008">060222s1000------------r-----000-0-eng-d</controlfield><datafield ind1=" " ind2=" " tag="080"><subfield code="a">10917</subfield></datafield><datafield ind1=" " ind2=" " tag="245"><subfield code="a">Kernphysik und kosmische strahlen</subfield></datafield><datafield ind1=" " ind2=" " tag="260"><subfield code="a">Weiheim, Verlag Chemie, 1953, 198p</subfield></datafield></record></collection>